@article{sp2-l2-2,
  author =       "OpenPaaS::NG",
  title =        "{SP2-L2.2, Rapport} décrivant l'implantation du composant middleware de réplication hybride pair-à-pair V1",
  year =         "2017"
}

@article{ec1.1,
  author = "OpenPaaS::NG",
  title = "{EC1.1, Prototype }: Infrastructure d'édition collaborative {P2P}",
  year = "2016"

}

@article{sp2-l2-9,
  author =       "OpenPaaS::NG",
  title =        "{SP2-L2.9, Rapport} décrivant l'implantation du moteur temps réel V1",
  year =         "2016"
}

@article{sp2-l2-10,
  author =       "OpenPaaS::NG",
  title =        "{SP2-L2.10, Rapport} décrivant l'implantation du moteur temps réel V2",
  year =         "2017"
}

@inproceedings{nicolas:hal-01655438,
  TITLE = {{MUTE: A Peer-to-Peer Web-based Real-time Collaborative Editor}},
  AUTHOR = {Nicolas, Matthieu and Elvinger, Victorien and Oster, G{\'e}rald and Ignat, Claudia-Lavinia and Charoy, Fran{\c c}ois},
  URL = {https://hal.inria.fr/hal-01655438},
  ADDRESS = {Sheffield, United Kingdom},
  PUBLISHER = {{EUSSET}},
  SERIES = {Proceedings of 15th European Conference on Computer-Supported Cooperative Work - Panels, Posters and Demos},
  PAGES = {1-4},
  YEAR = {2017},
  MONTH = Aug,
  DOI = {10.18420/ecscw2017\_p5},
  PDF = {https://hal.inria.fr/hal-01655438/file/Nicolasetal2017.pdf},
  HAL_ID = {hal-01655438},
  HAL_VERSION = {v1},
}
